"Quarter end","Shares","Shares split adjusted","Split factor","Assets","Current Assets","Liabilities","Current Liabilities","Shareholders equity","Non-controlling interest","Preferred equity","Goodwill & intangibles","Long-term debt","Revenue","Earnings","Earnings available for common stockholders","EPS basic","EPS diluted","Dividend per share","Cash from operating activities","Cash from investing activities","Cash from financing activities","Cash change during period","Cash at end of period","Capital expenditures","Price","Price high","Price low","ROE","ROA","Book value of equity per share","P/B ratio","P/E ratio","Cumulative dividends per share","Dividend payout ratio","Long-term debt to equity ratio","Equity to assets ratio","Net margin","Asset turnover","Free cash flow per share","Current ratio"
2018-02-03,627072378,627072378,1,14058015000,8485727000,8909706000,5125537000,5148309000,0,0,100069000,2452524000,10960720000,877276000,877276000,1.4,1.38,0.31,1096201000,-213353000,-561478000,394233000,2758477000,230088000,73.95,81.46,66.44,0.5523,0.1945,8.21,10.06,19.99,6.93,0.3036,0.4764,0.3662,0.0727,2.67,1.38,1.6556
2017-10-28,632302505,632302505,1,13877695000,8390034000,9232087000,5467981000,4645608000,0,0,196365000,2229855000,8762220000,641436000,641436000,1.01,1,0.3125,826377000,-346567000,-524123000,-85061000,2364244000,320667000,71.63,74.38,68.89,0.5279,0.1837,7.35,10.03,20.29,6.62,0.3177,0.48,0.3348,0.0701,2.62,0.8,1.5344
2017-07-29,636274241,636274241,1,12935615000,7567781000,8394811000,4656533000,4540804000,0,0,197522000,2229103000,8357700000,552957000,552957000,0.87,0.85,0.3125,654612000,-251059000,-727631000,-220190000,2449305000,248347000,73.79,80.92,66.66,0.5168,0.1801,7.14,10.42,20.96,6.3,0.3182,0.4909,0.351,0.0683,2.64,0.64,1.6252
2017-04-29,643276269,643276269,1,12763481000,7548500000,8209958000,4605392000,4553523000,0,0,195585000,2228351000,7784024000,536279000,536279000,0.83,0.82,0.3125,448434000,-201757000,-484114000,-260354000,2669495000,258515000,76.61,79.97,73.25,0.5214,0.1854,7.08,10.96,22.14,5.99,0.3048,0.4894,0.3568,0.0696,2.66,0.3,1.6391
2017-01-28,645589872,645589872,1,12883808000,7750774000,8373209000,4757656000,4510599000,0,0,195871000,2403831000,9467647000,677928000,677928000,1.05,1.03,0.26,1514600000,-343596000,-630172000,554317000,2929849000,257550000,75.65,79.79,71.5,0.5157,0.1871,6.99,11.39,22.18,5.68,0.2959,0.5329,0.3501,0.0693,2.7,1.95,1.6291
2016-10-29,651900739,651900739,1,12866836000,7942334000,8537025000,4894514000,4329811000,0,0,343826000,2226913000,8291688000,549786000,549786000,0.84,0.83,0.26,928675000,-303706000,-3882000,571884000,2375532000,258762000,78.08,83.64,72.51,0.519,0.1916,6.64,11.52,22.7,5.42,0.2848,0.5143,0.3365,0.07,2.74,1.03,1.6227
2016-07-30,656644919,656644919,1,11670653000,6810674000,7219297000,4314205000,4451356000,0,0,344848000,1615952000,7882053000,562174000,562174000,0.85,0.84,0.26,738351000,-278435000,-548366000,-140507000,1803648000,242199000,77.16,81.88,72.43,0.5269,0.1984,6.78,11.25,22.69,5.16,0.2678,0.363,0.3814,0.0723,2.74,0.76,1.5787
2016-04-30,661083496,661083496,1,11704722000,6877701000,7169753000,4296735000,4534969000,0,0,346452000,1615477000,7542356000,508346000,508346000,0.77,0.76,0.26,420268000,-289141000,-379492000,-151318000,1944155000,266236000,73.01,79.2,66.82,0.5293,0.1987,6.86,11.23,21.92,4.9,0.2567,0.3562,0.3874,0.0731,2.72,0.23,1.6007
2016-01-30,662591204,662591204,1,11499482000,6772560000,7192407000,4402230000,4307075000,0,0,343796000,1709268000,8962075000,666466000,666466000,0.99,0.98,0.21,1280779000,-214277000,-611328000,372137000,2095473000,238713000,69.09,74.65,63.53,0.529,0.1972,6.5,10.63,21.06,4.64,0.2477,0.3969,0.3745,0.0736,2.68,1.57,1.5384
2015-10-31,669529129,669529129,1,11992433000,7348157000,7641972000,4730078000,4350461000,0,0,342058000,1624007000,7753495000,587256000,587256000,0.88,0.86,0.21,727984000,-378005000,-532533000,-187434000,1723336000,245792000,72.09,76.93,67.25,0.526,0.1972,6.5,11.37,22.05,4.43,0.2426,0.3733,0.3628,0.0746,2.64,0.72,1.5535
2015-08-01,674370829,674370829,1,11341042000,6796837000,7064975000,4160861000,4276067000,0,0,308539000,1623959000,7363731000,549335000,549335000,0.81,0.8,0.21,481041000,-228362000,-557395000,-349195000,1910770000,203641000,67.41,70.52,64.3,0.5271,0.1996,6.34,10.68,21.07,4.22,0.2329,0.3798,0.377,0.0758,2.63,0.41,1.6335
2015-05-02,680385015,680385015,1,11365946000,6872089000,7075656000,4136536000,4290290000,0,0,309311000,1623912000,6865637000,474601000,474601000,0.7,0.69,0.21,447539000,-242471000,-474599000,-233810000,2259965000,201234000,67.34,71.03,63.66,0.5198,0.1987,6.31,10.79,21.38,4.01,0.2271,0.3785,0.3775,0.0759,2.62,0.36,1.6613
2015-01-31,683473567,683473567,1,11128381000,6715061000,6864151000,3929634000,4264230000,0,0,202200000,1684597000,8303953000,648230000,648230000,0.94,0.93,0.18,1196032000,-260816000,-468958000,340150000,2493775000,205623000,64.77,69.84,59.69,0.5153,0.201,6.24,10.2,21.45,3.8,0.22,0.3951,0.3832,0.0762,2.64,1.45,1.7088
2014-11-01,688900341,688900341,1,11592048000,7154622000,7218240000,4389582000,4373808000,0,0,310738000,1623817000,7366066000,594957000,594957000,0.86,0.85,0.175,736353000,-282851000,-437022000,-29705000,2153625000,280784000,58.48,64.2,52.76,0.5009,0.1993,6.35,9.48,19.3,3.62,0.2187,0.3713,0.3773,0.0752,2.65,0.66,1.6299
2014-08-02,692941647,692941647,1,10921997000,6593763000,6647345000,3824929000,4274652000,0,0,311443000,1623769000,6917212000,517624000,517624000,0.75,0.73,0.175,602235000,-255910000,-224727000,124034000,2183330000,231754000,55.93,59.95,51.91,0.5149,0.2062,6.17,9.14,18.9,3.44,0.2079,0.3799,0.3914,0.0772,2.67,0.53,1.7239
2014-05-03,700312077,700312077,1,10429938000,6235550000,6146444000,3705260000,4283494000,0,0,312074000,1274245000,6491176000,454317000,454317000,0.65,0.64,0.175,473749000,-155060000,-428835000,-90450000,2059296000,193361000,59.09,62.37,55.82,0.5189,0.2075,6.12,9.83,20.1,3.27,0.2034,0.2975,0.4107,0.0771,2.69,0.4,1.6829
2014-02-01,703683274,703683274,1,10201022000,6067998000,5971129000,3517843000,4229893000,0,0,205000000,1274216000,7808787000,582292000,582292000,0.82,0.8,0.15,956957000,-250834000,-525483000,138994000,2149746000,187395000,60.42,64.38,56.47,0.5355,0.2104,6.01,10.42,20.41,3.09,0.195,0.3012,0.4147,0.0779,2.7,1.09,1.7249
2013-11-02,711198843,711198843,1,10669239000,6623575000,6545468000,4043741000,4123771000,0,0,313465000,1274186000,6981876000,622655000,622655000,0.88,0.86,0.145,822093000,-283672000,-396258000,151954000,2010752000,262269000,55.8,61.29,50.31,0.5609,0.2163,5.8,10.37,20.51,2.94,0.1809,0.309,0.3865,0.079,2.74,0.79,1.638
2013-08-03,715235621,715235621,1,9926043000,5950244000,6075904000,3442881000,3850139000,0,0,314113000,1274156000,6442424000,479559000,479559000,0.67,0.66,0.145,530530000,-259558000,-381170000,-131037000,1858798000,258499000,51.39,54.08,48.71,0.5422,0.2079,5.38,9.83,19.61,2.8,0.1859,0.3309,0.3879,0.0747,2.78,0.38,1.7283
2013-05-04,719773253,719773253,1,9840364000,5976143000,6077699000,3498617000,3762665000,0,0,312948000,1274126000,6189609000,452890000,452890000,0.63,0.62,0.145,280749000,-241567000,159108000,177878000,1989835000,238515000,46.57,49.71,43.43,0.5433,0.2089,5.23,9.2,18.26,2.65,0.1817,0.3386,0.3824,0.0739,2.83,0.06,1.7081
2013-02-02,723902001,723902001,1,9511855000,5711543000,5845918000,3760596000,3665937000,0,0,208600000,774552000,7723814000,604844000,604844000,0.84,0.82,0.11,965651000,-428698000,-372912000,170042000,1811957000,209666000,42.86,45.64,40.08,0.5505,0.2129,5.06,9.02,18.24,2.51,0.1748,0.2113,0.3854,0.0737,2.89,1.04,1.5188
2012-10-27,729252705,729252705,1,9172089000,5694665000,5705697000,3598991000,3466392000,0,0,179946000,774533000,6410913000,461551000,461551000,0.63,0.62,0.115,772223000,-327120000,-435804000,21513000,1641915000,329649000,43.53,46.67,40.38,0.5306,0.2055,4.75,9.44,19.26,2.4,0.1806,0.2234,0.3779,0.0715,2.88,0.61,1.5823
2012-07-28,736100493,736100493,1,8636641000,5340790000,5246624000,3225489000,3390017000,0,0,179932000,774514000,5945559000,421092000,421092000,0.57,0.56,0.115,603182000,-189475000,-335046000,56711000,1620402000,184652000,42.42,45.39,39.46,0.5253,0.2029,4.61,9.43,19.73,2.28,0.1793,0.2285,0.3925,0.071,2.86,0.57,1.6558
2012-04-28,740952103,740952103,1,8503079000,5231816000,5171266000,3151716000,3331813000,0,0,179983000,783862000,5798086000,419200000,419200000,0.56,0.55,0.115,704558000,-331555000,-331825000,56579000,1563691000,254261000,37.98,42.56,33.41,0.5142,0.1975,4.5,8.83,19.63,2.17,0.1797,0.2353,0.3918,0.0694,2.85,0.61,1.66
2012-01-28,746702028,746702028,1,8281605000,5132632000,5072315000,3063423000,3209290000,0,0,179935000,984623000,6709758000,475314000,475314000,0.64,0.62,0.09,1085204000,-165886000,-355185000,550180000,1507112000,152558000,31.41,34.22,28.6,0.4742,0.1819,4.3,7.44,18.1,2.05,0.1902,0.3068,0.3875,0.0645,2.82,1.25,1.6755
2011-10-29,377140120,754280240,2,8530980000,5418051000,5347652000,3379500000,3183328000,0,0,179958000,785369000,5793128000,406487000,406487000,1.08,1.06,0.19,505109000,-204043000,-309511000,-20831000,956932000,211555000,27.86,30.64,25.07,0.4333,0.1664,4.22,6.85,16.73,1.96,0.2036,0.2467,0.3731,0.0594,2.8,0.39,1.6032
2011-07-30,380980395,761960790,2,8097126000,5029069000,4992137000,3191344000,3104989000,0,0,180043000,786100000,5468274000,348338000,348338000,0.91,0.9,0.19,182627000,-210728000,-370803000,-399383000,977763000,213164000,26.5,28.39,24.6,0.4248,0.1639,4.07,6.56,16.72,1.87,0.1995,0.2532,0.3835,0.0586,2.8,-0.04,1.5758
2011-04-30,386107203,772214406,2,7984470000,5008421000,4861076000,3101855000,3123394000,0,0,180068000,786816000,5220295000,265951000,265951000,0.69,0.67,0.19,143094000,-230384000,-300213000,-364605000,1377146000,226053000,25.24,27,23.48,0.4153,0.1606,4.04,6.34,15.3,1.77,0.1967,0.2519,0.3912,0.0577,2.78,-0.11,1.6147
2011-01-29,389657340,779314680,2,7971763000,5099527000,4871864000,3133121000,3099899000,0,0,179936000,987517000,6331726000,334414000,334414000,0.85,0.84,0.15,877289000,-113922000,-368816000,402686000,1741751000,166783000,22.82,24.38,21.27,0.4396,0.17,3.98,5.81,13.42,1.68,0.178,0.3186,0.3889,0.0612,2.78,0.91,1.6276
2010-10-30,395802044,791604088,2,8182148000,5296642000,5072826000,3229952000,3109322000,0,0,179897000,988204000,5525847000,372309000,372309000,0.94,0.92,0.15,433223000,-202809000,-284653000,-41104000,1339065000,213495000,21.54,23.3,19.78,0.4675,0.1806,3.93,5.81,13.09,1.6,0.1637,0.3178,0.38,0.0651,2.77,0.28,1.6399
2010-07-31,400661233,801322466,2,7686709000,4948919000,4713027000,2974620000,2973682000,0,0,179875000,988878000,5068080000,304984000,304984000,0.76,0.74,0.15,138553000,-192727000,-394139000,-453101000,1380169000,177762000,21.89,23.75,20.04,0.4658,0.1786,3.71,5.88,13.85,1.53,0.1601,0.3325,0.3869,0.0648,2.75,-0.05,1.6637
2010-05-01,407979188,815958376,2,7754510000,5105417000,4715132000,3014635000,3039378000,0,0,179901000,789538000,5016540000,331434000,331434000,0.81,0.8,0.15,527416000,-138155000,-176320000,218663000,1833270000,149094000,21.41,24.25,18.56,0.4566,0.1722,3.72,6.07,15.02,1.45,0.1584,0.2598,0.3919,0.0638,2.7,0.46,1.6935
2010-01-30,409386126,818772252,2,7463977000,4803856000,4574701000,2894986000,2889276000,0,0,179794000,790169000,5941746000,394998000,394998000,0.95,0.94,0.12,982705000,-162429000,-647574000,168959000,1614607000,110334000,18.88,19.88,17.88,0.4414,0.1606,3.53,5.39,15.16,1.38,0.1648,0.2735,0.3871,0.0598,2.69,1.07,1.6594
2009-10-31,419708634,839417268,2,7983064000,5330657000,5042557000,3246140000,2940507000,0,0,179767000,790757000,5244946000,347799000,347799000,0.82,0.81,0.12,584487000,-104345000,-441582000,18753000,1445648000,155311000,18.61,20.32,16.9,0.4176,0.1478,3.5,5.57,16.77,1.32,0.1835,0.2689,0.3683,0.0546,2.71,0.51,1.6422
2009-08-01,423853927,847707854,2,7836000000,5211702000,5004088000,3229511000,2831912000,0,0,179779000,791332000,4747528000,261561000,261561000,0.62,0.61,0.12,343703000,-170519000,202290000,414400000,1426895000,97188000,15.91,18.5,13.31,0.4061,0.138,3.34,5.64,15.45,1.26,0.2002,0.2794,0.3614,0.0501,2.76,0.29,1.6138
2009-05-02,413533634,827067268,2,6938867000,4406913000,4603393000,3328254000,2335474000,0,0,179593000,391931000,4354224000,209214000,209214000,0.51,0.49,0.12,361031000,-122984000,303112000,558968000,1012495000,66449000,12.09,14.59,9.6,0.4115,0.1342,2.82,4.67,12.09,1.2,0.2087,0.1678,0.3366,0.0472,2.85,0.36,1.3241
2009-01-31,412821592,825643184,2,6178242000,3626129000,4043685000,2767891000,2134557000,0,0,179528000,383782000,5252558000,250696000,250696000,0.59,0.58,0.11,427737000,-125338000,-235129000,66176000,453527000,139924000,11.46,14.01,8.9,0.4138,0.1334,2.59,4.49,11.02,1.14,0.209,0.1798,0.3455,0.0463,2.88,0.35,1.3101
2008-10-25,416340031,832680062,2,6788416000,4262434000,4662006000,3224555000,2126410000,0,0,179459000,767366000,4761530000,235849000,235849000,0.57,0.54,0.11,258415000,-184642000,-112748000,-130142000,387351000,184003000,15.18,18.76,11.6,0.4377,0.1388,2.55,6.02,14.6,1.08,0.1903,0.3609,0.3132,0.0484,2.87,0.09,1.3219
2008-07-26,419411063,838822126,2,6792555000,4166239000,4678981000,2984305000,2113574000,0,0,179980000,852096000,4621292000,200223000,200223000,0.48,0.45,0.11,204961000,-148042000,-235791000,-180622000,517493000,148243000,16.69,18.22,15.16,0.4433,0.14,2.52,6.62,18.97,1.03,0.1807,0.4032,0.3112,0.0492,2.85,0.07,1.3961
2008-04-26,424701061,849402122,2,6646702000,4052239000,4508655000,2822742000,2138047000,0,0,181443000,852442000,4364125000,193849000,193849000,0.46,0.43,0.11,263459000,-110565000,-185153000,-34497000,698115000,110762000,16.09,17.46,14.72,0.3752,0.1199,2.52,6.46,19.27,0.97,0.2048,0.3987,0.3217,0.0425,2.82,0.18,1.4356
2008-01-26,427949533,855899066,2,6599934000,3992294000,4468689000,2760993000,2131245000,0,0,181524000,853460000,5488256000,301149000,301149000,0.69,0.66,0.09,783027000,-120716000,-309337000,344481000,732612000,120909000,14.36,15.97,12.74,0.3489,0.1158,2.49,5.86,19.81,0.92,0.2058,0.4005,0.3229,0.0414,2.8,0.77,1.446
2007-10-27,437017637,874035274,2,6942238000,4285743000,4800632000,3132086000,2141606000,0,0,182966000,860240000,4737491000,249461000,249461000,0.57,0.54,0.09,353729000,-188891000,-286671000,-145655000,388131000,189081000,14.69,16.23,13.14,0.3003,0.1035,2.45,6.07,21.14,0.87,0.2249,0.4017,0.3085,0.0372,2.78,0.19,1.3683
2007-07-28,444622262,889244524,2,6619915000,4125648000,4465637000,2871983000,2154278000,0,0,182865000,833673000,4313298000,59032000,59032000,0.13,0.13,0.09,207440000,-121668000,-346005000,-247424000,533786000,121855000,14.13,15.1,13.17,0.2909,0.1031,2.42,5.31,18.23,0.83,0.22,0.387,0.3254,0.0366,2.81,0.1,1.4365
2007-04-28,454870400,909740800,2,6487715000,4057462000,4067708000,2513150000,2420007000,0,0,182886000,821879000,4108081000,162108000,162108000,0.36,0.34,0.09,16911000,-94959000,-10676000,-75459000,781210000,95142000,13.89,14.92,12.87,0.3363,0.1184,2.66,5.51,17.92,0.78,0.1847,0.3396,0.373,0.0418,2.83,-0.09,1.6145
2007-01-27,453649813,907299626,2,6085700000,3748813000,3795579000,2382980000,2290121000,0,0,182898000,808027000,5018849000,205462000,205462000,0.45,0.44,0.07,718238000,-85993000,-101869000,515033000,856669000,86173000,14.23,15.12,13.34,0.3571,0.123,2.52,5.95,17.68,0.74,0.1722,0.3528,0.3763,0.0424,2.9,0.7,1.5732
2006-10-28,455098947,910197894,2,6305740000,3939595000,4131868000,2732296000,2173872000,0,0,183120000,817540000,4501073000,230612000,230612000,0.51,0.48,0.07,272712000,-112295000,-93921000,67919000,341636000,112472000,13.43,14.87,12,0.3961,0.1331,2.39,6.43,18.03,0.7,0.1578,0.3761,0.3447,0.0456,2.92,0.18,1.4419
2006-07-29,449499006,898998012,2,5996512000,3652816000,4121830000,2747402000,1874682000,0,0,183217000,812417000,3988232000,138156000,138156000,0.31,0.29,0.07,153274000,-83176000,-76339000,-6165000,273717000,83349000,11.82,12.55,11.08,0.3984,0.1256,2.09,5.6,16.3,0.67,0.165,0.4334,0.3126,0.0433,2.9,0.08,1.3296
2006-04-29,457027454,914054908,2,5619608000,3257761000,3690767000,2335131000,1928841000,0,0,183363000,813382000,3896483000,163809000,163809000,0.36,0.34,0.07,50809000,-95847000,-145915000,-185767000,279882000,96017000,12.52,13.14,11.9,0.411,0.1252,2.11,6.11,17.76,0.63,0.1635,0.4217,0.3432,0.0432,2.9,-0.05,1.3951
2006-01-28,460967060,921934120,2,5496305000,3140127000,3603651000,2251851000,1892654000,0,0,183425000,807150000,4716327000,246775000,246775000,0.54,0.5,0.06,651424000,-84614000,-289925000,264630000,465649000,84782000,11.66,12.74,10.59,0.4276,0.1251,2.05,7.02,18.96,0.6,0.1615,0.4265,0.3444,0.043,2.91,0.61,1.3945
2005-10-29,460689500,921379000,2,5806194000,3516153000,4274766000,3006748000,1531428000,0,0,183498000,600715000,4041912000,171163000,171163000,0.37,0.36,0.06,321087000,-182202000,-121627000,19330000,201019000,182366000,10.89,11.8,9.97,0.3991,0.1146,1.66,6.72,17.02,0.57,0.1661,0.3923,0.2638,0.0396,2.9,0.15,1.1694
2005-07-30,465922597,931845194,2,5592309000,3384043000,4085003000,2848547000,1507306000,0,0,183548000,600221000,3647866000,123141000,123141000,0.26,0.25,0.06,-1592000,-118304000,123536000,3939000,181689000,118466000,11.85,12.55,11.15,0.4169,0.123,1.62,7.31,18.66,0.54,0.1493,0.3982,0.2695,0.0421,2.92,-0.13,1.188
2005-04-30,470431454,940862908,2,5177559000,2995309000,3649996000,2433250000,1527563000,0,0,183616000,599224000,3651830000,149344000,149344000,0.31,0.3,0.06,187100000,-100488000,-215689000,-129437000,177750000,100646000,12.12,12.98,11.26,0.4121,0.128,1.62,7.05,18.65,0.51,0.1412,0.3923,0.295,0.0424,3.02,0.09,1.231
2005-01-29,480699154,961398308,2,5075473000,2905120000,3421991000,2204112000,1653482000,0,0,183763000,598540000,4329109000,176935000,176935000,0.37,0.32,0.04,385234000,-142551000,-77381000,163776000,307187000,142719000,12.21,12.75,11.68,0.4202,0.1363,1.72,7.58,16.73,0.48,0.1283,0.362,0.3258,0.0445,3.06,0.25,1.318
2004-10-30,481872560,963745120,2,5293818000,3259238000,3743296000,2591658000,1550522000,0,0,183636000,598051000,3817350000,200855000,200855000,0.41,0.41,0.045,344253000,-148037000,-188805000,7826000,143411000,148202000,11.18,12.03,10.32,0.4668,0.1544,1.61,7.12,15.86,0.46,0.1184,0.3857,0.2929,0.0494,3.12,0.2,1.2576
2004-07-31,488750610,977501220,2,4613367000,2679305000,3080564000,1984614000,1532803000,0,0,183592000,593504000,3414287000,118242000,118242000,0.24,0.24,0.045,157038000,-75144000,-188253000,-105925000,135585000,75305000,12.09,13.41,10.77,0.4645,0.1576,1.57,7.56,17.15,0.44,0.1156,0.3872,0.3323,0.0496,3.17,0.08,1.35
2004-05-01,494931101,989862202,2,4508673000,2582853000,2923172000,1752543000,1585501000,0,0,183654000,691555000,3352737000,168112000,168112000,0.34,0.33,0.045,193306000,-62749000,-133160000,-4893000,241510000,62907000,12.16,13.06,11.26,0.482,0.1634,1.6,7.85,18.71,0.41,0.1088,0.4362,0.3517,0.0513,3.18,0.13,1.4738
2004-01-31,499181639,998363278,2,4396767000,2451748000,2844379000,1690520000,1552388000,0,0,183827000,692321000,4105597000,238739000,238739000,0.49,0.48,0.04,441429000,-154697000,-122262000,158781000,246403000,97715000,11.08,11.9,10.26,0.462,0.1552,1.55,7.8,19.61,0.39,0.1112,0.446,0.3531,0.0494,3.14,0.34,1.4503
2003-10-25,503275923,1006551846,2,4448177000,2586485000,3022898000,1967415000,1425279000,0,0,179419000,689881000,3387452000,182833000,182833000,0.36,0.36,0.035,287402000,-123005000,-122584000,43614000,87622000,123157000,10.2,11.04,9.36,0.4132,0.139,1.42,7.67,19.43,0.37,0.1196,0.484,0.3204,0.0451,3.08,0.16,1.3147
2003-07-26,506801503,1013603006,2,4097276000,2314663000,2744325000,1721835000,1352951000,0,0,179329000,693200000,3046184000,123262000,123262000,0.24,0.24,0.035,112081000,-100745000,-138739000,-127444000,44008000,100896000,9.41,10.12,8.7,0.3921,0.1344,1.33,7.02,17.92,0.35,0.1241,0.5124,0.3302,0.0435,3.09,0.01,1.3443
2003-04-26,510504660,1021009320,2,4029917000,2299848000,2660828000,1674611000,1369089000,0,0,179256000,695305000,2788705000,113531000,113531000,0.22,0.22,0.035,-70412000,-87122000,-163239000,-320878000,171452000,87269000,8.71,9.65,7.77,0.3988,0.1384,1.34,6.36,15.84,0.34,0.1191,0.5079,0.3397,0.045,3.07,-0.15,1.3734
2003-01-25,514458723,1028917446,2,3940489000,2240540000,2531342000,1566345000,1409147000,0,0,179183000,693764000,3505481000,154303000,154303000,0.31,0.31,0.03,555045000,-116123000,-96356000,340391000,492330000,116268000,10.09,10.73,9.45,0.4223,0.1493,1.37,7.76,18.69,0.32,0.1093,0.4923,0.3576,0.0483,3.09,0.43,1.4304
2002-10-26,525366880,1050733760,2,3957950000,2368910000,2595673000,1656337000,1362277000,0,0,179138000,707111000,3044950000,147355000,147355000,0.28,0.28,0.03,105478000,-121392000,-123113000,-140705000,151939000,121534000,9.38,10.71,8.05,0.4284,0.153,1.3,7.5,18.76,0.3,0.1011,0.5191,0.3442,0.0496,3.09,-0.02,1.4302
2002-07-27,528211936,1056423872,2,3820585000,2289525000,2496831000,1550025000,1323754000,0,0,179120000,705459000,2765089000,129627000,129627000,0.24,0.24,0.03,60655000,-88015000,-196237000,-224215000,292644000,88155000,9.44,11.22,7.65,0.4085,0.1461,1.25,7.37,19.67,0.29,0.1018,0.5329,0.3465,0.0476,3.07,-0.03,1.4771
2002-04-27,539760651,1079521302,2,3772147000,2268072000,2388728000,1440891000,1383419000,0,0,179141000,703815000,2665687000,147103000,147103000,0.27,0.27,0.03,187382000,-70630000,-93381000,24083000,516859000,70767000,9.78,11.04,8.52,0.4039,0.145,1.28,7.89,21.49,0.27,0.0985,0.5088,0.3667,0.0472,3.07,0.11,1.5741
2002-01-26,270023652,1080094608,4,3595743000,2115926000,2255045000,1315010000,1340698000,0,0,179101000,702379000,3208712000,155320000,155320000,0.58,0.58,0.04,653398000,-152197000,-85198000,416688000,492776000,152332000,9.21,10.29,8.13,0.3989,0.1427,1.24,8.01,21.17,0.26,0.0957,0.5239,0.3729,0.0467,3.05,0.46,1.6091
2001-10-27,272738553,1090954212,4,3638326000,2225612000,2383677000,1799210000,1254649000,0,0,180576000,350086000,2741769000,109498000,109498000,0.4,0.4,0.045,127256000,-126542000,-65493000,-62529000,76088000,125789000,8.32,9.25,7.4,0.3924,0.1438,1.15,7.56,17.52,0.25,0.1005,0.279,0.3448,0.0468,3.07,0,1.237
2001-07-28,274297043,1097188172,4,3440191000,2126339000,2231402000,1363258000,1208789000,0,0,182064000,700341000,2487622000,111908000,111908000,0.41,0.4,0.045,85052000,-107811000,-143073000,-166070000,138617000,106008000,8.2,8.79,7.61,0.4466,0.1622,1.1,7.52,17.35,0.24,0.0891,0.5794,0.3514,0.0531,3.06,-0.02,1.5597
2001-04-28,277421688,1109686752,4,3352352000,2117835000,2138360000,1303607000,1213992000,0,0,183502000,668055000,2270895000,123671000,123671000,0.44,0.44,0.045,46740000,-68296000,194027000,172152000,304687000,65315000,7.66,8.44,6.88,0.4692,0.1682,1.09,7.03,16.21,0.23,0.0867,0.5503,0.3621,0.0545,3.09,-0.02,1.6246
2001-01-27,278811087,1115244348,4,2932283000,1721947000,1713571000,1228759000,1218712000,0,0,184986000,319372000,2751305000,135179000,135179000,0.5,0.5,0.04,463308000,-80262000,-304827000,78219000,132535000,75686000,6.75,7.88,5.63,0.4889,0.1748,1.09,6.89,14.92,0.21,0.0842,0.2621,0.4156,0.0562,3.11,0.35,1.4014
2000-10-28,279582780,1118331120,4,3323283000,2123853000,2226203000,1906846000,1097080000,0,0,186411000,319357000,2461411000,158274000,158274000,0.56,0.56,0.04,188783000,-73687000,-99015000,16081000,55481000,66765000,5.27,6.58,3.95,0.4882,0.1724,0.98,5.92,12.05,0.2,0.0876,0.2911,0.3301,0.0564,3.06,0.11,1.1138
2000-07-29,281276898,1125107592,4,3020394000,1868008000,2022451000,1703099000,997943000,0,0,187912000,319333000,2258174000,114033000,114033000,0.39,0.39,0.04,-147518000,-68809000,19718000,-196609000,39400000,60070000,4.79,5.59,4,0.4754,0.1774,0.89,5.15,11.14,0.19,0.0872,0.32,0.3304,0.0575,3.08,-0.18,1.0968
2000-04-29,292502547,1170010188,4,3039806000,1917392000,1950910000,1631557000,1088896000,0,0,189356000,319313000,2108116000,130580000,130580000,0.44,0.44,0.04,52190000,-48164000,-139776000,-135750000,236009000,54484000,4.81,6.14,3.48,0.4525,0.1802,0.93,5.12,11.52,0.18,0.0867,0.2932,0.3582,0.0586,3.07,-0,1.1752
2000-01-29,297454573,1189818292,4,2804963000,1700565000,1685735000,1366368000,1119228000,0,0,190844000,319367000,2487525000,122353000,122353000,0.41,0.42,0.04,521390000,-56099000,-118093000,347198000,371759000,56099000,5.5,6.95,4.06,0.4379,0.1811,0.94,5.67,13.02,0.17,0.0861,0.2853,0.399,0.0593,3.05,0.39,1.2446
1999-10-30,310080847,1240323388,4,2950747000,1852641000,1748733000,1628652000,1202014000,0,0,193981000,119922000,2257094000,156974000,156974000,0.5,0.5,0.035,177003000,-66228000,-133401000,-22626000,24561000,66228000,7.19,8.38,6,0.4324,0.1836,0.97,7.41,18.32,0.16,0.0811,0.0998,0.4074,0.0612,3,0.09,1.1375
1999-07-31,314955480,1259821920,4,2849294000,1784102000,1622511000,1502390000,1226783000,0,0,195402000,119918000,2098644000,114679000,114679000,0.36,0.36,0.035,-133105000,-72635000,-56435000,-262175000,47187000,72635000,8.09,8.98,7.19,0.4112,0.1748,0.97,8.43,22.16,0.16,0.0842,0.0977,0.4306,0.059,2.96,-0.16,1.1875
1999-05-01,317683015,1270732060,4,2918845000,1889228000,1701483000,1481196000,1217362000,0,0,196918000,219915000,1952084000,127662000,127662000,0.4,0.39,0.035,12682000,-43607000,-120957000,-151882000,309362000,43607000,8,9.25,6.76,0.3938,0.1677,0.96,8.42,24.06,0.15,0.0864,0.1806,0.4171,0.0568,2.94,-0.02,1.2755
1999-01-30,321710526,1286842104,4,2747846000,1743105000,1527190000,1306846000,1220656000,0,0,198317000,220344000,2282440000,126892000,126835000,0.4,0.44,0.03,418831000,-54347000,-58931000,305553000,461244000,55430000,6.22,7.76,4.69,0.3646,0.1554,0.95,7.15,19.82,0.14,0.0911,0.1805,0.4442,0.0529,2.91,0.28,1.3338
1998-10-31,323170700,1292682800,4,2787117000,1819782000,1658363000,1437785000,1128754000,0,0,199742000,220578000,2026578000,124619000,123641000,0.39,0.38,0.03,281247000,-58077000,-125496000,97674000,155691000,58077000,5.44,7,3.88,0.3435,0.1469,0.87,6.11,18.52,0.13,0.0936,0.1954,0.405,0.0495,2.94,0.17,1.2657
1998-08-01,314622327,1258489308,4,2612488000,1673093000,1488615000,1267021000,1123873000,0,0,201235000,220642000,1864236000,84876000,83638000,0.26,0.25,0.03,-112975000,-54894000,-101505000,-269374000,58017000,54894000,6.33,7.11,5.55,0.3242,0.1413,0.89,7.03,23.66,0.12,0.0947,0.1963,0.4302,0.0475,2.92,-0.13,1.3205
1998-05-02,158581150,1268649200,8,2767616000,1847110000,1626340000,1402724000,1141276000,0,0,202785000,220946000,1775847000,87767000,86517000,0.54,0.52,0.06,55666000,-31003000,-101641000,-76978000,327391000,39341000,5.12,5.94,4.3,0.2901,0.1296,0.9,5.63,21.67,0.12,0.101,0.1936,0.4124,0.0439,2.86,0.01,1.3168
1998-01-31,159691679,1277533432,8,2609632000,1682631000,1445540000,1217657000,1164092000,0,0,204220000,221024000,2242849000,98611000,97612000,0.66,0.73,0.05,372981000,-47317000,-64897000,260767000,404369000,47317000,4.04,4.82,3.25,0.2533,0.1146,0.91,4.64,12.58,0.11,0.1098,0.1899,0.4461,0.0397,2.78,0.25,1.3819
1997-10-25,161389824,1291118592,8,2668758000,1730185000,1539704000,1282492000,1129054000,0,0,211568000,243177000,1887698000,105165000,101722000,0.6,0.6,0.05,227153000,-52787000,-168996000,5370000,143602000,64099000,3.7,4.11,3.28,0.3504,0.157,0.87,4.16,12.06,0.1,0.074,0.2154,0.4231,0.0586,2.59,0.13,1.3491
1997-07-26,163267591,1306140728,8,2573992000,1652660000,1405100000,1149297000,1168892000,0,0,213079000,243262000,1698372000,52578000,47977000,0.29,0.29,0.05,-123263000,-76008000,-59624000,-258895000,138232000,47203000,3.28,3.74,2.81,0.3531,0.1479,0.89,3.57,11.1,0.1,0.0704,0.2081,0.4541,0.0576,2.49,-0.13,1.438
1997-04-26,79740416,1275846656,16,2788531000,1889538000,1620536000,1367588000,1167995000,0,0,214560000,244263000,1560150000,48461000,45836000,0.54,0.54,0.1,-91404000,-33763000,-6889000,-77605000,397127000,33763000,2.7,3.01,2.39,0.368,0.1381,0.92,3.07,9.56,0.09,0.0655,0.2091,0.4189,0.0556,2.41,-0.1,1.3817
1997-01-25,79683329,1274933264,16,2561212000,1662342000,1434026000,1182296000,1127186000,0,0,216127000,244410000,1721575000,209473000,206827000,2.82,2.82,0.07,338372000,186672000,-353579000,238697000,474732000,36128000,2.71,3.02,2.41,0.3845,0.1315,0.88,3.71,24.5,0.08,0.0611,0.2168,0.4401,0.0522,2.42,0.24,1.406
1996-10-26,77724715,1243595440,16,2837596000,1796892000,1930935000,1364688000,906661000,0,0,231335000,540362000,1722429000,87510000,85202000,0.97,0.97,0.07,None,None,None,-9307000,236035000,33096000,2.27,2.71,1.83,0.1854,0.058,0.73,3.34,29.29,0.08,0.1373,0.596,0.3195,0.0228,2.37,None,1.3167
1996-07-27,74463709,1191419344,16,2864598000,1824411000,2048896000,1364547000,815702000,0,0,232879000,662871000,1641163000,36054000,31794000,0.4,0.4,0.07,142894000,-82351000,-6614000,53929000,245342000,33024000,1.97,2.29,1.65,0.1335,0.0424,0.68,2.94,67.06,0.07,0.2589,0.8126,0.2848,0.0166,2.31,0.09,1.337
1996-04-27,72849601,1165593616,16,2779360000,1736932000,1993819000,1297072000,785541000,0,0,234486000,679676000,1604243000,30086000,25559000,0.33,0.33,0.07,6483000,-16905000,-7391000,-17813000,191413000,16905000,1.54,1.92,1.16,0.0621,0.0209,0.67,2.33,107.13,0.07,0.7257,0.8652,0.2826,0.0082,2.23,-0.01,1.3391
1996-01-27,72517328,1160277248,16,2745582000,1686722000,1980948000,1277571000,764634000,0,0,236043000,690713000,1674330000,9161000,9161000,0.07,0.07,0.07,409560000,-403801000,176565000,182324000,209226000,25068000,1.04,1.24,0.84,0.036,0.0127,0.66,2.04,53.68,0.07,1.5646,0.9033,0.2785,0.0051,2.15,0.33,1.3203
1995-10-28,72430059,1158880944,16,1903279000,1305821000,1315179000,869833000,588100000,0,0,87993000,410656000,1012672000,33877000,32088000,0.44,0.44,0.14,9105000,-26241000,19135000,7150000,26902000,29241000,0.85,0.98,0.72,0.0396,0.016,0.51,1.73,46.9,0.06,1.733,0.6983,0.309,0.006,2.17,-0.02,1.5012
1995-07-29,72407871,1158525936,16,1810897000,1201865000,1245007000,795739000,565890000,0,0,88639000,433552000,848945000,-24842000,-24842000,-0.37,-0.37,0.14,None,None,None,-1407000,19752000,30721000,0.84,0.97,0.71,0.0375,0.0157,0.49,1.62,15.1,0.05,1.8174,0.7661,0.3125,0.0057,2.2,None,1.5104
1995-04-29,72401326,1158421216,16,1824761000,1227779000,1222031000,949036000,602730000,0,0,89309000,238497000,911602000,8065000,6276000,0.09,0.09,0.14,-129153000,-26797000,135540000,-20410000,21159000,26797000,0.79,0.88,0.7,0.106,None,0.52,1.52,12.15,0.04,0.6343,0.3957,0.3303,0.0164,2.28,-0.13,1.2937
1995-01-28,72400901,1158414416,16,1638218000,1046197000,1031266000,758265000,606952000,0,0,89877000,239478000,1112514000,11666000,9877000,0.15,0.15,0.14,121970000,-33344000,-73304000,15322000,41569000,33344000,0.92,1.02,0.82,0.125,None,0.52,1.77,None,0.04,0.5412,0.3946,0.3705,0.0196,2.35,0.08,1.3797
1994-10-29,72409202,1158547232,16,1785054000,1201070000,1179509000,924328000,605545000,0,0,90624000,227188000,1011879000,32788000,30999000,0.42,0.42,0.14,29719000,-37546000,13469000,5642000,26247000,37546000,1.21,1.45,0.98,None,None,0.52,2.37,None,0.03,None,0.3752,0.3392,None,None,-0.01,1.2994
1994-07-30,73466277,1175460432,16,1608189000,1045128000,1003256000,765692000,604933000,0,0,91224000,207579000,866689000,18796000,17007000,0.23,0.23,0.14,-46950000,-32584000,69852000,-9682000,20605000,32584000,1.34,1.55,1.13,None,None,0.51,2.63,None,0.02,None,0.3431,0.3762,None,None,-0.07,1.3649
1994-04-30,73456447,1175303152,16,1518153000,969129000,920238000,675815000,597915000,0,0,91883000,209836000,851736000,19369000,17580000,0.24,0.24,0.14,-190000,-24352000,-3273000,-27815000,30287000,24352000,1.64,1.84,1.43,None,None,0.51,3.28,None,0.01,None,0.3509,0.3938,None,None,-0.02,1.434
1994-01-29,73449736,1175195776,16,1427370000,881856000,836470000,591653000,590900000,0,0,92627000,210854000,None,None,None,None,None,0,None,None,None,None,58102000,0,1.87,2.14,1.59,None,None,0.5,None,None,0,None,0.3568,0.414,None,None,None,1.4905
